@article{skinner2005design,
  title={Design effects in the analysis of longitudinal survey data},
  author={Skinner, Chris and Vieira, Marcel de Toledo},
  year={2005},
  publisher={Southampton Statistical Sciences Research Institute}
}