@article{skinner2005design,
  title={Design effects in the analysis of longitudinal survey data},
  author={Skinner, Chris and Vieira, Marcel de Toledo},
  journal={University of Southampton Institutional Repository},
  year={2005},
  publisher={Southampton Statistical Sciences Research Institute}
}

@article{kroese2012monte,
  title={Monte carlo methods},
  author={Kroese, Dirk P and Rubinstein, Reuven Y},
  journal={Wiley Interdisciplinary Reviews: Computational Statistics},
  volume={4},
  number={1},
  pages={48--58},
  year={2012},
  publisher={Wiley Online Library}
}

@article{pfeffermann1996use,
  title={The use of sampling weights for survey data analysis},
  author={Pfeffermann, Danny},
  journal={Statistical methods in medical research},
  volume={5},
  number={3},
  pages={239--261},
  year={1996},
  publisher={Sage Publications Sage CA: Thousand Oaks, CA}
}

@article{kleijnen1995verification,
  title={Verification and validation of simulation models},
  author={Kleijnen, Jack PC},
  journal={European journal of operational research},
  volume={82},
  number={1},
  pages={145--162},
  year={1995},
  publisher={Elsevier}
}